<record xmlns:xsi="http://www.w3.org/2001/XMLSchema-instance" xmlns="http://www.loc.gov/MARC21/slim" xsi:schemaLocation="http://www.loc.gov/MARC21/slim http://www.loc.gov/standards/marcxml/schema/MARC21slim.xsd">

  <leader>00784nam a2200193Ia 4500</leader>
  <datafield tag="999" ind1=" " ind2=" ">
    <subfield code="c">695</subfield>
    <subfield code="d">695</subfield>
  </datafield>
  <controlfield tag="008">170420b2009    cr ||||| |||| 00| | spa d</controlfield>
  <datafield ind1=" " ind2=" " tag="020">
    <subfield code="a">9789968989534</subfield>
  </datafield>
  <datafield tag="090" ind1=" " ind2=" ">
    <subfield code="a">09.04.05 </subfield>
    <subfield code="b">1801</subfield>
  </datafield>
  <datafield ind2=" " ind1="2" tag="110">
    <subfield code="9">2663</subfield>
    <subfield code="a">Instituto Costarricense de Turismo</subfield>
  </datafield>
  <datafield ind2="0" ind1="1" tag="245">
    <subfield code="a">Certificación para la sostenibilidad turística: guía didáctica complementaria: programa de formación bajo la norma CST / </subfield>
    <subfield code="c">Instituto Costarricense de Turismo; [Con la Colaboración del Observatorio del Desarrollo de la Universidad de Costa Rica]</subfield>
  </datafield>
  <datafield tag="260" ind2=" " ind1=" ">
    <subfield code="a">Costa Rica : </subfield>
    <subfield code="b">Instituto Costarricense de Turismo, </subfield>
    <subfield code="c">2009</subfield>
  </datafield>
  <datafield tag="300" ind1=" " ind2=" ">
    <subfield code="a">22 páginas</subfield>
  </datafield>
  <datafield tag="650" ind1="1" ind2="4">
    <subfield code="a">TURISMO</subfield>
    <subfield code="9">2676</subfield>
  </datafield>
  <datafield ind2="4" ind1="1" tag="650">
    <subfield code="a">EVALUACIÓN </subfield>
    <subfield code="9">287</subfield>
  </datafield>
  <datafield tag="650" ind2="4" ind1="1">
    <subfield code="a">ENSEÑANZA</subfield>
    <subfield code="9">14</subfield>
  </datafield>
  <datafield ind1="1" ind2="4" tag="650">
    <subfield code="a">DESARROLLO  SOSTENIBLE</subfield>
    <subfield code="9">443</subfield>
  </datafield>
  <datafield tag="651" ind1=" " ind2="4">
    <subfield code="a">COSTA RICA</subfield>
    <subfield code="9">47</subfield>
  </datafield>
  <datafield tag="942" ind1=" " ind2=" ">
    <subfield code="2">z</subfield>
    <subfield code="c">01</subfield>
  </datafield>
</record>